%YAML 1.1
%TAG !u! tag:unity3d.com,2011:
--- !u!1 &1048
GameObject:
  m_ObjectHideFlags: 0
  m_CorrespondingSourceObject: {fileID: 0}
  m_PrefabInstance: {fileID: 0}
  m_PrefabAsset: {fileID: 0}
  serializedVersion: 6
  m_Component:
  - component: {fileID: 2257}
  m_Layer: 13
  m_Name: SpawnPoint
  m_TagString: Untagged
  m_Icon: {fileID: 0}
  m_NavMeshLayer: 0
  m_StaticEditorFlags: 0
  m_IsActive: 1
--- !u!4 &2257
Transform:
  m_ObjectHideFlags: 0
  m_CorrespondingSourceObject: {fileID: 0}
  m_PrefabInstance: {fileID: 0}
  m_PrefabAsset: {fileID: 0}
  m_GameObject: {fileID: 1048}
  m_LocalRotation: {x: 0.49999997, y: -0.49999997, z: -0.50000006, w: 0.50000006}
  m_LocalPosition: {x: -0.0547, y: 0.0142, z: 0}
  m_LocalScale: {x: 0, y: 0, z: 0}
  m_Children: []
  m_Father: {fileID: 2190}
  m_RootOrder: 1
  m_LocalEulerAnglesHint: {x: 0, y: 0, z: 0}
--- !u!1 &1115
GameObject:
  m_ObjectHideFlags: 0
  m_CorrespondingSourceObject: {fileID: 0}
  m_PrefabInstance: {fileID: 0}
  m_PrefabAsset: {fileID: 0}
  serializedVersion: 6
  m_Component:
  - component: {fileID: 2117}
  - component: {fileID: 3278}
  m_Layer: 13
  m_Name: Projector
  m_TagString: Untagged
  m_Icon: {fileID: 0}
  m_NavMeshLayer: 0
  m_StaticEditorFlags: 0
  m_IsActive: 0
--- !u!4 &2117
Transform:
  m_ObjectHideFlags: 0
  m_CorrespondingSourceObject: {fileID: 0}
  m_PrefabInstance: {fileID: 0}
  m_PrefabAsset: {fileID: 0}
  m_GameObject: {fileID: 1115}
  m_LocalRotation: {x: 0.7071068, y: -0.70710677, z: -0, w: -1.2434496e-14}
  m_LocalPosition: {x: -0.0056, y: 0.0176, z: 0.0216}
  m_LocalScale: {x: 1, y: 1, z: 1}
  m_Children: []
  m_Father: {fileID: 2190}
  m_RootOrder: 0
  m_LocalEulerAnglesHint: {x: 180, y: 0, z: 90}
--- !u!119 &3278
Projector:
  m_ObjectHideFlags: 0
  m_CorrespondingSourceObject: {fileID: 0}
  m_PrefabInstance: {fileID: 0}
  m_PrefabAsset: {fileID: 0}
  m_GameObject: {fileID: 1115}
  m_Enabled: 1
  serializedVersion: 2
  m_NearClipPlane: 0.1
  m_FarClipPlane: 5.98
  m_FieldOfView: 59.85
  m_AspectRatio: 1.21
  m_Orthographic: 1
  m_OrthographicSize: 2.94
  m_Material: {fileID: 2100000, guid: 9706cbcb88d8ce74fbc7d1211cc40544, type: 2}
  m_IgnoreLayers:
    serializedVersion: 2
    m_Bits: 4294967039
--- !u!1 &1121
GameObject:
  m_ObjectHideFlags: 0
  m_CorrespondingSourceObject: {fileID: 0}
  m_PrefabInstance: {fileID: 0}
  m_PrefabAsset: {fileID: 0}
  serializedVersion: 6
  m_Component:
  - component: {fileID: 2177}
  m_Layer: 13
  m_Name: DestroyEffect
  m_TagString: Untagged
  m_Icon: {fileID: 0}
  m_NavMeshLayer: 0
  m_StaticEditorFlags: 0
  m_IsActive: 1
--- !u!4 &2177
Transform:
  m_ObjectHideFlags: 0
  m_CorrespondingSourceObject: {fileID: 0}
  m_PrefabInstance: {fileID: 0}
  m_PrefabAsset: {fileID: 0}
  m_GameObject: {fileID: 1121}
  m_LocalRotation: {x: -0, y: 0.70710576, z: -0, w: 0.7071079}
  m_LocalPosition: {x: 0, y: 0, z: -0.1793}
  m_LocalScale: {x: 1, y: 1, z: 1}
  m_Children: []
  m_Father: {fileID: 2190}
  m_RootOrder: 2
  m_LocalEulerAnglesHint: {x: 0, y: 90.00001, z: 0}
--- !u!1 &1241
GameObject:
  m_ObjectHideFlags: 0
  m_CorrespondingSourceObject: {fileID: 0}
  m_PrefabInstance: {fileID: 0}
  m_PrefabAsset: {fileID: 0}
  serializedVersion: 6
  m_Component:
  - component: {fileID: 2190}
  - component: {fileID: 3032}
  - component: {fileID: 2783}
  - component: {fileID: 3200}
  - component: {fileID: 3360}
  - component: {fileID: 3441}
  - component: {fileID: 3462}
  - component: {fileID: 3461}
  - component: {fileID: 3525}
  - component: {fileID: 3516}
  m_Layer: 13
  m_Name: smith
  m_TagString: Building
  m_Icon: {fileID: 0}
  m_NavMeshLayer: 0
  m_StaticEditorFlags: 0
  m_IsActive: 1
--- !u!4 &2190
Transform:
  m_ObjectHideFlags: 0
  m_CorrespondingSourceObject: {fileID: 0}
  m_PrefabInstance: {fileID: 0}
  m_PrefabAsset: {fileID: 0}
  m_GameObject: {fileID: 1241}
  m_LocalRotation: {x: -0.5, y: -0.5, z: -0.5, w: 0.5}
  m_LocalPosition: {x: 8.827545, y: 0.033997506, z: 71.640305}
  m_LocalScale: {x: 70, y: 69.99994, z: 69.99994}
  m_Children:
  - {fileID: 2117}
  - {fileID: 2257}
  - {fileID: 2177}
  m_Father: {fileID: 0}
  m_RootOrder: 0
  m_LocalEulerAnglesHint: {x: -90, y: 0, z: -90}
--- !u!33 &3032
MeshFilter:
  m_ObjectHideFlags: 0
  m_CorrespondingSourceObject: {fileID: 0}
  m_PrefabInstance: {fileID: 0}
  m_PrefabAsset: {fileID: 0}
  m_GameObject: {fileID: 1241}
  m_Mesh: {fileID: 4300000, guid: 8e087afc636a7f643a64e9a824233e88, type: 3}
--- !u!23 &2783
MeshRenderer:
  m_ObjectHideFlags: 0
  m_CorrespondingSourceObject: {fileID: 0}
  m_PrefabInstance: {fileID: 0}
  m_PrefabAsset: {fileID: 0}
  m_GameObject: {fileID: 1241}
  m_Enabled: 1
  m_CastShadows: 1
  m_ReceiveShadows: 1
  m_DynamicOccludee: 1
  m_MotionVectors: 1
  m_LightProbeUsage: 1
  m_ReflectionProbeUsage: 1
  m_RenderingLayerMask: 4294967295
  m_RendererPriority: 0
  m_Materials:
  - {fileID: 2100000, guid: b600b659bd31c8d4a8fa16114dd45911, type: 2}
  - {fileID: 2100000, guid: eb94cb058362c01429fcaa020bf92c13, type: 2}
  - {fileID: 2100000, guid: 1efe31d4d21c6c84eacc7718bb26f45d, type: 2}
  - {fileID: 2100000, guid: 4b0f4136bb2449e408adf68c6b9a04fd, type: 2}
  - {fileID: 2100000, guid: 0a3493a84faf7a64ba93f872075b55ce, type: 2}
  - {fileID: 2100000, guid: b73f5ec2fcc399444b4d34a07b93490f, type: 2}
  m_StaticBatchInfo:
    firstSubMesh: 0
    subMeshCount: 0
  m_StaticBatchRoot: {fileID: 0}
  m_ProbeAnchor: {fileID: 0}
  m_LightProbeVolumeOverride: {fileID: 0}
  m_ScaleInLightmap: 1
  m_ReceiveGI: 1
  m_PreserveUVs: 0
  m_IgnoreNormalsForChartDetection: 0
  m_ImportantGI: 0
  m_StitchLightmapSeams: 0
  m_SelectedEditorRenderState: 3
  m_MinimumChartSize: 4
  m_AutoUVMaxDistance: 0.5
  m_AutoUVMaxAngle: 89
  m_LightmapParameters: {fileID: 0}
  m_SortingLayerID: 0
  m_SortingLayer: 0
  m_SortingOrder: 0
--- !u!65 &3200
BoxCollider:
  m_ObjectHideFlags: 0
  m_CorrespondingSourceObject: {fileID: 0}
  m_PrefabInstance: {fileID: 0}
  m_PrefabAsset: {fileID: 0}
  m_GameObject: {fileID: 1241}
  m_Material: {fileID: 0}
  m_IsTrigger: 0
  m_Enabled: 1
  serializedVersion: 2
  m_Size: {x: 0.07094536, y: 0.07575432, z: 0.0312825}
  m_Center: {x: -0.0065125874, y: 0.009938869, z: 0.013873729}
--- !u!208 &3360
NavMeshObstacle:
  m_ObjectHideFlags: 0
  m_CorrespondingSourceObject: {fileID: 0}
  m_PrefabInstance: {fileID: 0}
  m_PrefabAsset: {fileID: 0}
  m_GameObject: {fileID: 1241}
  m_Enabled: 1
  serializedVersion: 3
  m_Shape: 1
  m_Extents: {x: 0.031, y: 0.036000002, z: 0.025}
  m_MoveThreshold: 0.1
  m_Carve: 1
  m_CarveOnlyStationary: 1
  m_Center: {x: -0.006, y: 0.010000001, z: 0.019000001}
  m_TimeToStationary: 0.5
--- !u!114 &3441
MonoBehaviour:
  m_ObjectHideFlags: 0
  m_CorrespondingSourceObject: {fileID: 0}
  m_PrefabInstance: {fileID: 0}
  m_PrefabAsset: {fileID: 0}
  m_GameObject: {fileID: 1241}
  m_Enabled: 1
  m_EditorHideFlags: 0
  m_Script: {fileID: 11500000, guid: 36d965436cdb2714590c65b6eb22ac44, type: 3}
  m_Name: 
  m_EditorClassIdentifier: 
  team: 1
  tear: 0
  ownerId: 1
  maxHealth: 500
  health: 500
  live: 1
  pointToInteract: {fileID: 0}
  tearDisplay: []
  debug: 0
  isWalkAround: 0
  timeToWalk: 0
  timerToWalk: 0
  visionDistanve: 10
  _skillInfo:
    uniqueName: Barraks
    readableName: Barraks
    readableDescription: Barraks
    imagePath: buildings/anvil.png
    timeToBuild: 0
    costFood: 0
    costGold: 0
    costWood: 100
    productionHotkey: 103
    skillType: 1
  _skillConditions: 1
  unitPosition: {x: 0, y: 0, z: 0}
  interactType: 0
  attackTimer: 0
  attackDelayTimer: 0
  attacked: 0
  defaultStatistic:
    damage: 10
    rangeAttack: 2
    attackTime: 2
    attackDelay: 0.5
    damageAfterTimer: 1
    attackType: 4
    stabbingResist: 0
    cuttingResist: 0
    bitingResist: 0
    magicResist: 0
    agrRange: 20
    alertRange: 10
  actionEffect: {fileID: 0}
  behaviorType: 2
  bloodEffect: {fileID: 0}
  bloodOnBroundEffects: []
  destroyEffectPrefab: {fileID: 100000, guid: 5d62873197ce78641a860d3758f2496b, type: 3}
  destroyEffectHandler: {fileID: 1121}
  timeToDestroy: 0
  destroyAfter: 5
  toUndergroundSpeed: 3
  sendToDestroy: 0
  delayToMoveUnderground: 3
  weapon:
    prefab: {fileID: 0}
    holder: {fileID: 0}
  agent: {fileID: 0}
  obstacle: {fileID: 0}
  anim: {fileID: 0}
  target: {fileID: 0}
  tempDestinationPoint: {x: 0, y: 0, z: 0}
  previousPosition: {x: 0, y: 0, z: 0}
  curSpeed: 0
  cameraController: {fileID: 0}
  skillList: []
  producedUnits:
  - {fileID: 1294, guid: 95eb1e8559a643a489385f9c45b9163b, type: 3}
  - {fileID: 1528613431990062, guid: 2c7addb4de208dd47b215e38fc2e92db, type: 3}
  - {fileID: 1323032547063684, guid: 8ebcd63d2818748488da2bba309fb6e4, type: 3}
  spawnPoint: {fileID: 1048}
  spawnTarget: {x: 0, y: 0, z: 0}
  spawnTargetObject: {fileID: 0}
  buildTimer: 0
  productionQuery: []
  HTMLHealthFile: {fileID: 4900000, guid: e50f3066b80392041b07e41547bc36cb, type: 3}
  InfoHTMLOffset: {x: 0, y: 3, z: 0}
  pointMarkerPrefab: {fileID: 1174494487606054, guid: 7723961c7b4a2cf4cbfa8e9a6c45ba62,
    type: 3}
  HTMLHealthSize: {x: 100, y: 100}
  visionToolPrefab: {fileID: 1311408724359970, guid: fc937d29efbc7d146a830e8e4d19ea62,
    type: 3}
  visionCount: 0
  uqeryLimit: 10
  beenSeen: 0
  holderObject: {fileID: 0}
  timerToCreateHolder: 0
  holderToolInfo:
    prefab: {fileID: 0}
    holder: {fileID: 0}
  tempSpeed: 0
  attackedTeam: 0
  pointMarker: {fileID: 0}
  canBeSelected: 1
  visionTool: {fileID: 0}
  unitSelectionComponent: {fileID: 0}
  resourceCapacityType: 0
  resourceCapacity: 0
  resourceEndless: 0
  sourceType: 0
  storedResources: 
  isInCameraView: 0
  state: 3
  magnitDistance: 4
  tempMaterialsMode: 
  terrainChangeInfo:
    offset: {x: -3.1, y: -2.2}
    size: {x: 10, y: 11}
    layer: 5
    value: 1
    changeTexture: 1
    removeGrass: 1
--- !u!114 &3462
MonoBehaviour:
  m_ObjectHideFlags: 0
  m_CorrespondingSourceObject: {fileID: 0}
  m_PrefabInstance: {fileID: 0}
  m_PrefabAsset: {fileID: 0}
  m_GameObject: {fileID: 1241}
  m_Enabled: 1
  m_EditorHideFlags: 0
  m_Script: {fileID: 11500000, guid: 0e11b0a92f7104e4f8c2693c0cf315ba, type: 3}
  m_Name: 
  m_EditorClassIdentifier: 
  canBeSelected: 1
  isSelected: 0
  projector: {fileID: 1115}
--- !u!114 &3461
MonoBehaviour:
  m_ObjectHideFlags: 0
  m_CorrespondingSourceObject: {fileID: 0}
  m_PrefabInstance: {fileID: 0}
  m_PrefabAsset: {fileID: 0}
  m_GameObject: {fileID: 1241}
  m_Enabled: 1
  m_EditorHideFlags: 0
  m_Script: {fileID: 11500000, guid: fbf3575480402db40813e763382412fb, type: 3}
  m_Name: 
  m_EditorClassIdentifier: 
  color: 0
  eraseRenderer: 0
  originalLayer: 0
  originalMaterials: []
--- !u!114 &3525
MonoBehaviour:
  m_ObjectHideFlags: 0
  m_CorrespondingSourceObject: {fileID: 0}
  m_PrefabInstance: {fileID: 0}
  m_PrefabAsset: {fileID: 0}
  m_GameObject: {fileID: 1241}
  m_Enabled: 1
  m_EditorHideFlags: 0
  m_Script: {fileID: 11500000, guid: aa584fbee541324448dd18d8409c7a41, type: 3}
  m_Name: 
  m_EditorClassIdentifier: 
  ObservedComponentsFoldoutOpen: 1
  Group: 0
  prefixField: -1
  Synchronization: 3
  OwnershipTransfer: 0
  ObservedComponents:
  - {fileID: 3516}
  viewIdField: 0
  InstantiationId: 7
  isRuntimeInstantiated: 0
--- !u!114 &3516
MonoBehaviour:
  m_ObjectHideFlags: 0
  m_CorrespondingSourceObject: {fileID: 0}
  m_PrefabInstance: {fileID: 0}
  m_PrefabAsset: {fileID: 0}
  m_GameObject: {fileID: 1241}
  m_Enabled: 1
  m_EditorHideFlags: 0
  m_Script: {fileID: 11500000, guid: 627855c7f81362d41938ffe0b1475957, type: 3}
  m_Name: 
  m_EditorClassIdentifier: 
  m_SynchronizePosition: 1
  m_SynchronizeRotation: 1
  m_SynchronizeScale: 0
